<record><leader>00000cas a2200000 a 4500</leader><controlfield tag="001">41179385</controlfield><controlfield tag="008">990416d18941uuumiudn n       0    0eng c</controlfield><datafield ind1=" " ind2=" " tag="010"><subfield code="a">sn 99065040 </subfield></datafield><datafield ind1=" " ind2=" " tag="040"><subfield code="a">MHN</subfield><subfield code="b">eng</subfield><subfield code="c">MHN</subfield><subfield code="d">OCL</subfield><subfield code="d">OCLCQ</subfield><subfield code="d">OCLCF</subfield><subfield code="d">OCLCO</subfield></datafield><datafield ind1=" " ind2=" " tag="042"><subfield code="a">pcc</subfield></datafield><datafield ind1=" " ind2=" " tag="043"><subfield code="a">n-us-mi</subfield></datafield><datafield ind1="0" ind2=" " tag="130"><subfield code="a">Mt. Pleasant Independent (Mount Pleasant, Mich.)</subfield></datafield><datafield ind1="1" ind2="0" tag="245"><subfield code="a">Mt. Pleasant Independent.</subfield></datafield><datafield ind1="3" ind2=" " tag="246"><subfield code="a">Mount Pleasant Independent</subfield></datafield><datafield ind1=" " ind2=" " tag="260"><subfield code="a">Mount Pleasant, Mich. :</subfield><subfield code="b">Independent Co.</subfield></datafield><datafield ind1=" " ind2=" " tag="300"><subfield code="a">v.</subfield></datafield><datafield ind1=" " ind2=" " tag="310"><subfield code="a">Daily (except Sun.)</subfield></datafield><datafield ind1=" " ind2=" " tag="588"><subfield code="a">Description based on: Vol. 1, no. 25 (May 2, 1894).</subfield></datafield><datafield ind1=" " ind2="0" tag="651"><subfield code="a">Mount Pleasant (Mich.)</subfield><subfield code="v">Newspapers.</subfield></datafield><datafield ind1=" " ind2="0" tag="651"><subfield code="a">Isabella County (Mich.)</subfield><subfield code="v">Newspapers.</subfield></datafield><datafield ind1=" " ind2="7" tag="655"><subfield code="a">Newspapers.</subfield><subfield code="2">fast</subfield><subfield code="0">(OCoLC)fst01423814</subfield></datafield><datafield ind1=" " ind2="7" tag="651"><subfield code="a">Michigan</subfield><subfield code="z">Isabella County.</subfield><subfield code="2">fast</subfield><subfield code="0">(OCoLC)fst01220096</subfield></datafield><datafield ind1=" " ind2="7" tag="651"><subfield code="a">Michigan</subfield><subfield code="z">Mount Pleasant.</subfield><subfield code="2">fast</subfield><subfield code="0">(OCoLC)fst01233290</subfield></datafield><datafield ind1=" " ind2=" " tag="752"><subfield code="a">United States</subfield><subfield code="b">Michigan</subfield><subfield code="c">Isabella</subfield><subfield code="d">Mount Pleasant.</subfield></datafield></record>